%%%%%%%%%%%%%%%%%%%%%%%%%%%%%%%%%%%%%
% Dermatology
%%%%%%%%%%%%%%%%%%%%%%%%%%%%%%%%%%%%%

@article{brinker2018,
  doi = {10.2196/11936},
  url = {https://doi.org/10.2196/11936},
  year  = {2018},
  month = {oct},
  publisher = {{JMIR} Publications Inc.},
  volume = {20},
  number = {10},
  pages = {e11936},
  author = {Titus Josef Brinker and Achim Hekler and Jochen Sven Utikal and Niels Grabe and Dirk Schadendorf and Joachim Klode and Carola Berking and Theresa Steeb and Alexander H Enk and Christof von Kalle},
  title = {Skin Cancer Classification Using Convolutional Neural Networks: Systematic Review},
  journal = {Journal of Medical Internet Research}
}

@article{nature2017,
  doi = {10.1038/nature21056},
  url = {https://doi.org/10.1038/nature21056},
  year  = {2017},
  month = {jan},
  publisher = {Springer Nature},
  volume = {542},
  number = {7639},
  pages = {115--118},
  author = {Andre Esteva and Brett Kuprel and Roberto A. Novoa and Justin Ko and Susan M. Swetter and Helen M. Blau and Sebastian Thrun},
  title = {Dermatologist-level classification of skin cancer with deep neural networks},
  journal = {Nature}
}

@ARTICLE{milton2019,
   author = {{Ashraful Alam Milton}, M.},
    title = "{Automated Skin Lesion Classification Using Ensemble of Deep Neural Networks in ISIC 2018: Skin Lesion Analysis Towards Melanoma Detection Challenge}",
  journal = {arXiv e-prints},
archivePrefix = "arXiv",
   eprint = {1901.10802},
 primaryClass = "cs.CV",
 keywords = {Computer Science - Computer Vision and Pattern Recognition, Computer Science - Artificial Intelligence},
     year = 2019,
    month = jan,
   adsurl = {http://adsabs.harvard.edu/abs/2019arXiv190110802A},
  adsnote = {Provided by the SAO/NASA Astrophysics Data System}
}

@ARTICLE{bissoto2018,
   author = {{Bissoto}, A. and {Perez}, F. and {Ribeiro}, V. and {Fornaciali}, M. and
	{Avila}, S. and {Valle}, E.},
    title = "{Deep-Learning Ensembles for Skin-Lesion Segmentation, Analysis, Classification: RECOD Titans at ISIC Challenge 2018}",
  journal = {arXiv e-prints},
archivePrefix = "arXiv",
   eprint = {1808.08480},
 primaryClass = "cs.CV",
 keywords = {Computer Science - Computer Vision and Pattern Recognition},
     year = 2018,
    month = aug,
   adsurl = {http://adsabs.harvard.edu/abs/2018arXiv180808480B},
  adsnote = {Provided by the SAO/NASA Astrophysics Data System}
}

@ARTICLE{yang2017,
   author = {{Yang}, X. and {Zeng}, Z. and {Yeo}, S.~Y. and {Tan}, C. and
	{Tey}, H.~L. and {Su}, Y.},
    title = "{A Novel Multi-task Deep Learning Model for Skin Lesion Segmentation and Classification}",
  journal = {arXiv e-prints},
archivePrefix = "arXiv",
   eprint = {1703.01025},
 primaryClass = "cs.CV",
 keywords = {Computer Science - Computer Vision and Pattern Recognition},
     year = 2017,
    month = mar,
   adsurl = {http://adsabs.harvard.edu/abs/2017arXiv170301025Y},
  adsnote = {Provided by the SAO/NASA Astrophysics Data System}
}

@ARTICLE{codella2017,
   author = {{Codella}, N.~C.~F. and {Gutman}, D. and {Emre Celebi}, M. and
	{Helba}, B. and {Marchetti}, M.~A. and {Dusza}, S.~W. and {Kalloo}, A. and
	{Liopyris}, K. and {Mishra}, N. and {Kittler}, H. and {Halpern}, A.
	},
    title = "{Skin Lesion Analysis Toward Melanoma Detection: A Challenge at the 2017 International Symposium on Biomedical Imaging (ISBI), Hosted by the International Skin Imaging Collaboration (ISIC)}",
  journal = {arXiv e-prints},
archivePrefix = "arXiv",
   eprint = {1710.05006},
 primaryClass = "cs.CV",
 keywords = {Computer Science - Computer Vision and Pattern Recognition},
     year = 2017,
    month = oct,
   adsurl = {http://adsabs.harvard.edu/abs/2017arXiv171005006C},
  adsnote = {Provided by the SAO/NASA Astrophysics Data System}
}

%%%%%%%%%%%%%%%%%%%%%%%%%%%%%%%%%%%%%
% Networks
%%%%%%%%%%%%%%%%%%%%%%%%%%%%%%%%%%%%%

@inproceedings{alexnet,
 author = {Krizhevsky, Alex and Sutskever, Ilya and Hinton, Geoffrey E.},
 title = {ImageNet Classification with Deep Convolutional Neural Networks},
 booktitle = {Proceedings of the 25th International Conference on Neural Information Processing Systems - Volume 1},
 series = {NIPS'12},
 year = {2012},
 location = {Lake Tahoe, Nevada},
 pages = {1097--1105},
 numpages = {9},
 url = {http://dl.acm.org/citation.cfm?id=2999134.2999257},
 acmid = {2999257},
 publisher = {Curran Associates Inc.},
 address = {USA},
}

@ARTICLE{vgg16,
   author = {{Simonyan}, K. and {Zisserman}, A.},
    title = "{Very Deep Convolutional Networks for Large-Scale Image Recognition}",
  journal = {ArXiv e-prints},
archivePrefix = "arXiv",
   eprint = {1409.1556},
 primaryClass = "cs.CV",
 keywords = {Computer Science - Computer Vision and Pattern Recognition},
     year = 2014,
    month = sep,
   adsurl = {http://adsabs.harvard.edu/abs/2014arXiv1409.1556S},
  adsnote = {Provided by the SAO/NASA Astrophysics Data System}
}

%%%%%%%%%%%%%%%%%%%%%%%%%%%%%%%%%%%%%
% Training
%%%%%%%%%%%%%%%%%%%%%%%%%%%%%%%%%%%%%

@ARTICLE{ruder2016,
   author = {{Ruder}, S.},
    title = "{An overview of gradient descent optimization algorithms}",
  journal = {arXiv e-prints},
archivePrefix = "arXiv",
   eprint = {1609.04747},
 keywords = {Computer Science - Machine Learning},
     year = 2016,
    month = sep,
   adsurl = {http://adsabs.harvard.edu/abs/2016arXiv160904747R},
  adsnote = {Provided by the SAO/NASA Astrophysics Data System}
}

%%%%%%%%%%%%%%%%%%%%%%%%%%%%%%%%%%%%%
% Hardware
%%%%%%%%%%%%%%%%%%%%%%%%%%%%%%%%%%%%%

@ARTICLE{chang2017,
   author = {{Chang}, A.~X.~M. and {Zaidy}, A. and {Gokhale}, V. and {Culurciello}, E.
	},
    title = "{Compiling Deep Learning Models for Custom Hardware Accelerators}",
  journal = {arXiv e-prints},
archivePrefix = "arXiv",
   eprint = {1708.00117},
 primaryClass = "cs.DC",
 keywords = {Computer Science - Distributed, Parallel, and Cluster Computing, Computer Science - Machine Learning},
     year = 2017,
    month = jul,
   adsurl = {http://adsabs.harvard.edu/abs/2017arXiv170800117C},
  adsnote = {Provided by the SAO/NASA Astrophysics Data System}
}

@INPROCEEDINGS{gpu,
author = {D. Strigl and K. Kofler and S. Podlipnig},
booktitle = {16th Euromicro Conference on Parallel, Distributed and Network-Based Processing (PDP 2008)(PDP)},
title = {Performance and Scalability of GPU-Based Convolutional Neural Networks},
year = {2010},
volume = {00},
number = {},
pages = {317-324},
keywords={Scalability;Neural networks;Cellular neural networks;Optical character recognition software;Acceleration;Multilayer perceptrons;Multi-layer neural network;Pattern recognition;Optical computing;Optical fiber networks},
doi = {10.1109/PDP.2010.43},
url = {doi.ieeecomputersociety.org/10.1109/PDP.2010.43},
ISSN = {1066-6192},
month={feb}
}

@ARTICLE{cudnn,
   author = {{Chetlur}, S. and {Woolley}, C. and {Vandermersch}, P. and {Cohen}, J. and
	{Tran}, J. and {Catanzaro}, B. and {Shelhamer}, E.},
    title = "{cuDNN: Efficient Primitives for Deep Learning}",
  journal = {arXiv e-prints},
archivePrefix = "arXiv",
   eprint = {1410.0759},
 keywords = {Computer Science - Neural and Evolutionary Computing, Computer Science - Machine Learning, Computer Science - Mathematical Software},
     year = 2014,
    month = oct,
   adsurl = {http://adsabs.harvard.edu/abs/2014arXiv1410.0759C},
  adsnote = {Provided by the SAO/NASA Astrophysics Data System}
}

@ARTICLE{tpu,
   author = {{Jouppi}, N.~P. and {Young}, C. and {Patil}, N. and {Patterson}, D. and
	{Agrawal}, G. and {Bajwa}, R. and {Bates}, S. and {Bhatia}, S. and
	{Boden}, N. and {Borchers}, A. and {Boyle}, R. and {Cantin}, P.-l. and
	{Chao}, C. and {Clark}, C. and {Coriell}, J. and {Daley}, M. and
	{Dau}, M. and {Dean}, J. and {Gelb}, B. and {Vazir Ghaemmaghami}, T. and
	{Gottipati}, R. and {Gulland}, W. and {Hagmann}, R. and {Ho}, C.~R. and
	{Hogberg}, D. and {Hu}, J. and {Hundt}, R. and {Hurt}, D. and
	{Ibarz}, J. and {Jaffey}, A. and {Jaworski}, A. and {Kaplan}, A. and
	{Khaitan}, H. and {Koch}, A. and {Kumar}, N. and {Lacy}, S. and
	{Laudon}, J. and {Law}, J. and {Le}, D. and {Leary}, C. and
	{Liu}, Z. and {Lucke}, K. and {Lundin}, A. and {MacKean}, G. and
	{Maggiore}, A. and {Mahony}, M. and {Miller}, K. and {Nagarajan}, R. and
	{Narayanaswami}, R. and {Ni}, R. and {Nix}, K. and {Norrie}, T. and
	{Omernick}, M. and {Penukonda}, N. and {Phelps}, A. and {Ross}, J. and
	{Ross}, M. and {Salek}, A. and {Samadiani}, E. and {Severn}, C. and
	{Sizikov}, G. and {Snelham}, M. and {Souter}, J. and {Steinberg}, D. and
	{Swing}, A. and {Tan}, M. and {Thorson}, G. and {Tian}, B. and
	{Toma}, H. and {Tuttle}, E. and {Vasudevan}, V. and {Walter}, R. and
	{Wang}, W. and {Wilcox}, E. and {Yoon}, D.~H.},
    title = "{In-Datacenter Performance Analysis of a Tensor Processing Unit}",
  journal = {arXiv e-prints},
archivePrefix = "arXiv",
   eprint = {1704.04760},
 keywords = {Computer Science - Hardware Architecture, Computer Science - Machine Learning, Computer Science - Neural and Evolutionary Computing},
     year = 2017,
    month = apr,
   adsurl = {http://adsabs.harvard.edu/abs/2017arXiv170404760J},
  adsnote = {Provided by the SAO/NASA Astrophysics Data System}
}
